Reachability Analysis as a Design Tool for Stormwater Systems

@inproceedings{sustech,
  title={{Reachability Analysis as a Design Tool for Stormwater Systems}},
  author={Chapman, Margaret P and Smith, Kevin M and Cheng, Victoria and Freyberg, David and Tomlin, Claire J},
  booktitle={under review for IEEE Conference on Technologies for Sustainability},
  %pages={1517--1522},
  %year={2017},
  %organization={IEEE}
}


@article{pflug2016time,
  title={Time-consistent decisions and temporal decomposition of coherent risk functionals},
  author={Pflug, Georg Ch and Pichler, Alois},
  journal={Mathematics of Operations Research},
  volume={41},
  number={2},
  pages={682--699},
  year={2016},
  publisher={INFORMS}
}

@book{boyd2004convex,
  title={Convex Optimization},
  author={Boyd, Stephen and Vandenberghe, Lieven},
  year={2004},
  publisher={Cambridge University Press}
}

@phdthesis{bertsekas1971control,
  title={{Control of Uncertain Systems with a Set-Membership Description of the Uncertainty}},
  author={Bertsekas, Dimitri P},
  year={1971},
  school={Massachusetts Institute of Technology}
}

@article{bertsekas1971minimax,
  title={{On the Minimax Reachability of Target Sets and Target Tubes}},
  author={Bertsekas, Dimitri P and Rhodes, Ian B},
  journal={Automatica},
  volume={7},
  number={2},
  pages={233--247},
  year={1971},
  publisher={Elsevier}
}

@book{bertsekas2005dynamic,
  title={ {Dynamic Programming and Optimal Control} },
  author={Bertsekas, Dimitri P},
  volume={1},
  edition={4},
  year={2017},
  publisher={Athena Scientific},
 place={Belmont, Massachusetts}
}

@book{silverman2018density,
  title={ {Density Estimation for Statistics and Data Analysis} },
  author={Silverman, Bernard W},
  year={1998},
  publisher={Chapman \& Hall},
 place{Boca Raton, Florida}
}

@article{rockafellar2000optimization,
  title={Optimization of conditional value-at-risk},
  author={Rockafellar, R Tyrrell and Uryasev, Stanislav},
  journal={Journal of Risk},
  volume={2},
  number = {3},
  pages={21--41},
  year={2000}
}

@inproceedings{herbert2017fastrack,
  title={{FaSTrack: A Modular Framework for Fast and Guaranteed Safe Motion Planning}},
  author={Herbert, Sylvia L and Chen, Mo and Han, SooJean and Bansal, Somil and Fisac, Jaime F and Tomlin, Claire J},
  booktitle={Decision and Control (CDC), 2017 IEEE 56th Annual Conference on},
  pages={1517--1522},
  year={2017},
  organization={IEEE}
}

@book{shapiro2009lectures,
  title={{Lectures on Stochastic Programming: Modeling and Theory}},
  author={Shapiro, Alexander and Dentcheva, Darinka and Ruszczy{\'n}ski, Andrzej},
  year={2009},
  publisher={Society for Industrial and Applied Mathematics, Mathematical Programming Society}
}

@article{artzner1999coherent,
  title={Coherent Measures of Risk},
  author={Artzner, Philippe and Delbaen, Freddy and Eber, Jean-Marc and Heath, David},
  journal={Mathematical Finance},
  volume={9},
  number={3},
  pages={203--228},
  year={1999},
  publisher={Wiley Online Library}
}

@phdthesis{EECS-2018-41,
    Author = {Akametalu, Anayo},
    Editor = {Tomlin, Claire and Abbeel, Pieter and Evans, Lawrence},
    Title = { {A learning-based approach to safety for uncertain robotic systems} },
    School = {EECS Department, University of California, Berkeley},
    Year = {2018},
    Month = {May},
    URL = {http://www2.eecs.berkeley.edu/Pubs/TechRpts/2018/EECS-2018-41.html},
    Number = {UCB/EECS-2018-41},
}

@incollection{serraino2013conditional,
  title={{Conditional Value-at-Risk (CVaR)}},
  author={Serraino, Gaia and Uryasev, Stanislav},
  booktitle={Encyclopedia of Operations Research and Management Science},
  pages={258--266},
  year={2013},
  publisher={Springer}
}

@inproceedings{mitchell2005toolbox,
  title={{A Toolbox of Hamilton-Jacobi Solvers for Analysis of Nondeterministic Continuous and Hybrid Systems}},
  author={Mitchell, Ian M and Templeton, Jeremy A},
  booktitle={International Workshop on Hybrid Systems: Computation and Control},
  pages={480--494},
  year={2005},
  organization={Springer}
}


@article{abate2008probabilistic,
  title={Probabilistic reachability and safety for controlled discrete time stochastic hybrid systems},
  author={Abate, Alessandro and Prandini, Maria and Lygeros, John and Sastry, Shankar},
  journal={Automatica},
  volume={44},
  number={11},
  pages={2724--2734},
  year={2008},
  publisher={Elsevier}
}

@article{ruszczynski2010risk,
  title={ {Risk-averse dynamic programming for Markov decision processes} },
  author={Ruszczy{\'n}ski, Andrzej},
  journal={Mathematical Programming},
  volume={125},
  number={2},
  pages={235--261},
  year={2010},
  publisher={Springer}
}

@article{mitchell2005time,
  title={A time-dependent Hamilton-Jacobi formulation of reachable sets for continuous dynamic games},
  author={Mitchell, Ian M and Bayen, Alexandre M and Tomlin, Claire J},
  journal={IEEE Transactions on Automatic Control},
  volume={50},
  number={7},
  pages={947--957},
  year={2005},
  publisher={IEEE}
}

@article{bansal2017hamilton,
  title={ {Hamilton-Jacobi Reachability: A Brief Overview and Recent Advances} },
  author={Bansal, Somil and Chen, Mo and Herbert, Sylvia and Tomlin, Claire J},
  journal={arXiv preprint arXiv:1709.07523},
  year={2017}
}

@inproceedings{chow2015risk,
  title={ {Risk-Sensitive and Robust Decision-Making: a CVaR Optimization Approach} },
  author={Chow, Yinlam and Tamar, Aviv and Mannor, Shie and Pavone, Marco},
  booktitle={Advances in Neural Information Processing Systems},
  pages={1522--1530},
  year={2015}
}

@inproceedings{osogami2012robustness,
  title={ {Robustness and Risk-Sensitivity in Markov Decision Processes} },
  author={Osogami, Takayuki},
  booktitle={Advances in Neural Information Processing Systems},
  pages={233--241},
  year={2012}
}

@mastersthesis{kisiala2015conditional,
  title={{Conditional Value-at-Risk: Theory and Applications}},
  editor={Richtarik, Peter},
  author={Kisiala, Jakob},
  school={The School of Mathematics, The University of Edinburgh},
  year={2015},
  month={August},
  number = {s1301096},
 % url = {{http://www.maths.ed.ac.uk/~prichtar/docs/Kisiala_Dissertation.pdf}},
}

@article{blackmore2011chance,
  title={Chance-constrained optimal path planning with obstacles},
  author={Blackmore, Lars and Ono, Masahiro and Williams, Brian C},
  journal={IEEE Transactions on Robotics},
  volume={27},
  number={6},
  pages={1080--1094},
  year={2011},
  publisher={IEEE}
}

@article{ratliff2017risk,
  title={Risk-sensitive inverse reinforcement learning via gradient methods},
  author={Ratliff, Lillian J and Mazumdar, Eric},
  journal={arXiv preprint arXiv:1703.09842},
  year={2017}
}

@article{summers2010verification,
  title={Verification of discrete time stochastic hybrid systems: A stochastic reach-avoid decision problem},
  author={Summers, Sean and Lygeros, John},
  journal={Automatica},
  volume={46},
  number={12},
  pages={1951--1961},
  year={2010},
  publisher={Elsevier}
}

@inproceedings{kamgarpour2011discrete,
  title={ {Discrete Time Stochastic Hybrid Dynamical Games: Verification \& Controller Synthesis} },
  author={Kamgarpour, Maryam and Ding, Jerry and Summers, Sean and Abate, Alessandro and Lygeros, John and Tomlin, Claire},
  booktitle={Decision and Control and European Control Conference (CDC-ECC), 2011 50th IEEE Conference on},
  pages={6122--6127},
  year={2011},
  organization={IEEE}
}

@inproceedings{chow2014framework,
  title={ {A Framework for Time-consistent, Risk-Averse Model Predictive Control: Theory and Algorithms} },
  author={Chow, Yin-Lam and Pavone, Marco},
  booktitle={American Control Conference},
  pages={4204--4211},
  year={2014},
  organization={IEEE}
}

@misc{grant2008cvx,
  title={{CVX: Matlab Software for Disciplined Convex Programming}},
  author={Grant, Michael and Boyd, Stephen and Ye, Yinyu},
  year={2008}
}